<record><leader>00000cas a2200000 a 4500</leader><controlfield tag="001">45877032</controlfield><controlfield tag="008">010208c19709999nyucn ne      0    0eng c</controlfield><datafield ind1=" " ind2=" " tag="010"><subfield code="a">sn2001061808</subfield></datafield><datafield ind1=" " ind2=" " tag="040"><subfield code="a">NYG</subfield><subfield code="b">eng</subfield><subfield code="c">NYS</subfield><subfield code="d">WAU</subfield><subfield code="d">OCLCQ</subfield><subfield code="d">OCLCF</subfield><subfield code="d">OCLCO</subfield></datafield><datafield ind1="1" ind2=" " tag="029"><subfield code="a">AU@</subfield><subfield code="b">000022280864</subfield></datafield><datafield ind1=" " ind2=" " tag="037"><subfield code="b">University Union Room 168, Binghamton University, Binghamton, NY 13902</subfield></datafield><datafield ind1=" " ind2=" " tag="042"><subfield code="a">pcc</subfield></datafield><datafield ind1=" " ind2=" " tag="043"><subfield code="a">n-us-ny</subfield></datafield><datafield ind1="0" ind2=" " tag="130"><subfield code="a">Pipe dream (Binghamton, N.Y.)</subfield></datafield><datafield ind1="1" ind2="0" tag="245"><subfield code="a">Pipe dream.</subfield></datafield><datafield ind1=" " ind2=" " tag="260"><subfield code="a">Binghamton, NY :</subfield><subfield code="b">[s.n.]</subfield></datafield><datafield ind1=" " ind2=" " tag="300"><subfield code="a">v. :</subfield><subfield code="b">ill. (some col.) ;</subfield><subfield code="c">43 cm.</subfield></datafield><datafield ind1=" " ind2=" " tag="310"><subfield code="a">Semiweekly (during the academic year)</subfield></datafield><datafield ind1="1" ind2=" " tag="362"><subfield code="a">Began in 1970.</subfield></datafield><datafield ind1=" " ind2=" " tag="500"><subfield code="a">"The free word on campus."</subfield></datafield><datafield ind1=" " ind2=" " tag="500"><subfield code="a">"Binghamton University's twice weekly student newspaper."</subfield></datafield><datafield ind1=" " ind2=" " tag="530"><subfield code="a">Also issued on microfilm.</subfield></datafield><datafield ind1=" " ind2=" " tag="588"><subfield code="a">Description based on: Vol. 54, issue 21 (Apr. 28, 1998).</subfield></datafield><datafield ind1=" " ind2=" " tag="588"><subfield code="a">Latest issue consulted: Vol. 54, issue 22 (May 1, 1998).</subfield></datafield><datafield ind1="2" ind2="0" tag="610"><subfield code="a">State University of New York at Binghamton</subfield><subfield code="x">Students</subfield><subfield code="v">Newspapers.</subfield></datafield><datafield ind1=" " ind2="0" tag="651"><subfield code="a">Binghamton (N.Y.)</subfield><subfield code="v">Newspapers.</subfield></datafield><datafield ind1=" " ind2="0" tag="651"><subfield code="a">Broome County (N.Y.)</subfield><subfield code="v">Newspapers.</subfield></datafield><datafield ind1=" " ind2="7" tag="655"><subfield code="a">College student newspapers</subfield><subfield code="z">New York (State)</subfield><subfield code="z">Binghamton.</subfield><subfield code="2">ngl</subfield></datafield><datafield ind1=" " ind2="7" tag="655"><subfield code="a">Newspapers.</subfield><subfield code="2">fast</subfield><subfield code="0">(OCoLC)fst01423814</subfield></datafield><datafield ind1="2" ind2="7" tag="610"><subfield code="a">State University of New York at Binghamton.</subfield><subfield code="2">fast</subfield><subfield code="0">(OCoLC)fst00533167</subfield></datafield><datafield ind1=" " ind2="7" tag="650"><subfield code="a">Students.</subfield><subfield code="2">fast</subfield><subfield code="0">(OCoLC)fst01136041</subfield></datafield><datafield ind1=" " ind2="7" tag="651"><subfield code="a">New York (State)</subfield><subfield code="z">Binghamton.</subfield><subfield code="2">fast</subfield><subfield code="0">(OCoLC)fst01206763</subfield></datafield><datafield ind1=" " ind2="7" tag="651"><subfield code="a">New York (State)</subfield><subfield code="z">Broome County.</subfield><subfield code="2">fast</subfield><subfield code="0">(OCoLC)fst01233031</subfield></datafield><datafield ind1=" " ind2=" " tag="752"><subfield code="a">United States</subfield><subfield code="b">New York</subfield><subfield code="c">Broome</subfield><subfield code="d">Binghamton.</subfield></datafield><datafield ind1="0" ind2="0" tag="780"><subfield code="t">Colonial news (Endicott, N.Y.)</subfield><subfield code="w">(OCoLC)20761363</subfield></datafield><datafield ind1="4" ind2="1" tag="856"><subfield code="u">http://www.pipedreamonline.com</subfield></datafield></record>